@book{Martin_1983,
	title = {Human Brain Evolution in an Ecological Context},
	publisher = {American Museum of Natural History},
	author = {Martin, Robert D.},
	year = {1983}
},

@article{Rilling_Insel_1999,
	title = {The primate neocortex in comparative perspective using magnetic resonance imaging},
	volume = {37},
	issn = {0047-2484},
	number = {2},
	journal = {Journal of Human Evolution},
	author = {Rilling, James K. and Insel, Thomas R.},
	year = {1999},
	pages = {191--223}
},

@misc{laslab,
	title={Ikerbasque and University of The Basque Country Language and Speech Lab's 1\textsuperscript{st} Speech Separation challenge},
	howpublished = "\url{http://laslab.org/SpeechSeparationChallenge/}",
	year = {2006}
},

@INPROCEEDINGS{Lee00algorithmsfor,
    author = {Daniel D. Lee and H. Sebastian Seung},
    title = {Algorithms for Non-negative Matrix Factorization},
    booktitle = {In NIPS},
    year = {2000},
    pages = {556--562},
    publisher = {MIT Press}
}
